
@book{gamificationDefinition,
author = {Burke, Brian},
file = {},
pages = {},
title = {{Gamify: How Gamification motivates People to do extraordinary Things}},
year = {2014}
}
