

@misc{htmlWiki,
	author="",
	title="Wikipedia:HTML5",
	howpublished="\url{http://de.wikipedia.org/wiki/Hypertext_Markup_Language}",
	note="{Zeitstempel: 24.05.2014}",
	year="2014"	
}

@misc{w3c,
	author="World Wide Web Consortium (W3C) Standard:HTML5",
	title="",
	howpublished="\url{http://www.w3.org/standards/webdesign/htmlcss}",
	note="{Zeitstempel: 16.06.2014}",
	year="2014"	
}

@misc{scrumWiki,
	author="Wikipedia: SCRUM",
	title="",
	howpublished="\url{http://de.wikipedia.org/wiki/Scrum}",
	note="{Zeitstempel: 16.06.2014}",
	year="2014"	
}

@misc{phpPDO,
	author="PHP Manuel and Documentation: Introduction",
	title="",
	howpublished="\url{http://www.php.net/manual/en/intro.pdo.php}",
	note="{Zeitstempel: 16.06.2014}",
	year="2014"	
}

@Book{scrumBuch,
  Title = {Scrum: Produkte zuverlässig und schnell entwickeln},
  Author = {Boris Gloger},
  Publisher = {HANSER},
  Owner = {Matthias},
  year = "2013"
}

@misc{analyseWiki,
	author="Wikipedia: Anforderungsanalyse",
	title="",
	howpublished="\url{http://de.wikipedia.org/wiki/Anforderungsanalyse_%28Informatik%29}",
	note="{Zeitstempel: 16.06.2014}",
	year="2014"	
}


@Book{htmlBuch,
  Title = {Introducing HTML5},
  Author = {Bruce Lawson and Remy Sharp},
  Publisher = {Addison-Wesley},
  Owner = {Matthias},
  year = "2011"
}

@misc{htmlDatenmodel,
	author="HTML-Dokumentmodelle: Grundlagen",
	title="",
	howpublished="\url{http://molily.de/dokumentmodelle}",
	note="{Zeitstempel: 16.06.2014}",
	year="2014"	
}

@misc{jqueryPhasen,
	author="JavaScript: Grundlagen zur Ereignisverarbeitung",
	title="",
	howpublished="\url{http://molily.de/js/event-handling-grundlagen.html}",
	note="{Zeitstempel: 16.06.2014}",
	year="2014"	
}

@misc{ajaxSupport,
	author="Webdesign Podcast: Wie funktioniert Ajax",
	title="",
	howpublished="\url{http://www.webdesign-podcast.de/2011/01/26/wie-funktioniert-ajax/}",
	note="{Zeitstempel: 16.06.2014}",
	year="2014"	
}



@misc{responsiveIntro,
	author="Smooster Blog: Responsive Design",
	title="",
	howpublished="\url{http://www.smooster.com/blog/responsive-mobile}",
	note="{Zeitstempel: 18.06.2014}",
	year="2014"	
}

@misc{responsiveWebdesign,
	author="Responsive Webdesign: Das umfassende Praxis-Training(CD) mit Jonas Hellwig",
	title="",
	howpublished="CD",
	note="{Galileo Computing}",
	year="2014"	
}

@Book{usecase,
  Title                    = {Use Cases effektiv erstellen},
  Author                   = {Alistair Cockburn},
  Publisher                = {Addison-Wesley},

  Owner                    = {Matthias},
  Timestamp                = {2014.04.11}
}

@Book{relationaleDB,
  Title = {Grundkurs Relationale Datenbanken},
  Author = {Rene Steiner},
  Publisher = {Vieweg Teubner},
  Owner = {Matthias},
  year = "2009"
}

@Book{zendEngine,
  Title = {PHP and MySQL Web Development },
  Author = {Luke Welling and Laura Thomson},
  Publisher = {Developers Library},
  Owner = {Matthias},
  year = "2009"
}

@Book{mysqlvorteil,
  Title                    = {Das Einsteigerseminar MySQL 5},
  Author                   = {Rolf Däßler},
  Publisher                = {bhv},
  Year                     = {2011},

  Owner                    = {Matthias},
  Timestamp                = {2014.04.07}
}

@Book{mysql,
  Title                    = {MySQL Kochbuch},
  Author                   = {Paul Dubois},
  Publisher                = {O`Reilly},
  Year                     = {2003},

  Owner                    = {Matthias},
  Timestamp                = {2014.04.07}
}

@Book{php,
  Title                    = {PHP 5 MySQL 5},
  Author                   = {Matthias Kannengiesser},
  Publisher                = {Franzis Verlag GmbH},
  Year                     = {2009},

  Owner                    = {Matthias},
  Timestamp                = {2014.04.07}
}

@Book{test,
  Title                    = {MySQL 5: Einführung, Programmierung, Referenz},
  Author                   = {Michael Kofler},
  Publisher                = {Addison-Wesley},
  Year                     = {2005},

  Owner                    = {Matthias},
  Timestamp                = {2014.04.07}
}

@Book{Bootstrapintro,
  Title                    = {Mobile First Bootstrap},
  Author                   = {Alexander Magno},
  Publisher                = {Packt Publishing},
  Year                     = {2013},

  Owner                    = {Matthias},
  Timestamp                = {2014.04.08}
}


@Unpublished{grundlagenAA,
  Title                    = {Anforderungsanalyse},
  Author                   = {Prof. Dr. Burkhardt Renz},

  Owner                    = {Matthias},
  Timestamp                = {2014.04.09}
}

@Book{jQuerybeschreibung,
  Title                    = {jQuery: Das Javascript-Framework für Interaktives Design},
  Author                   = {Ralph Steyer},
  Publisher                = {Addison-Wesley},
  Year                     = {2011},

  Owner                    = {Matthias},
  Timestamp                = {2014.04.08}
}